@online{iotDevices,
    author = {Statista},
    title = "Internet of Things (IoT) connected devices installed base worldwide from 2015 to 2025",
    howpublished = "Statista. [online]",
    year = {2016 [cit. 2018-01-14]},
    url = "https://www.statista.com/statistics/471264/iot-number-of-connected-devices-worldwide/"
}

@online{fog,
    author = {Statista},
    title = "Fog Computing and the Internet of Things: Extend the Cloud to Where the Things Are",
    howpublished = "Cisco. [online]",
    year = {2015 [cit. 2018-01-15]},
    url = "https://www.cisco.com/c/dam/en_us/solutions/trends/iot/docs/computing-overview.pdf"
}

@INPROCEEDINGS{iotSurvey,
author={K. Zhao and L. Ge},
booktitle={2013 Ninth International Conference on Computational Intelligence and Security},
title={A Survey on the Internet of Things Security},
year={2013},
pages={663-667},
}

@INPROCEEDINGS{secFramework,
author={J. Pacheco and S. Hariri},
booktitle={2016 IEEE 1st International Workshops on Foundations and Applications of Self* Systems (FAS*W)},
title={IoT Security Framework for Smart Cyber Infrastructures},
year={2016},
pages={242-247},
}

@INPROCEEDINGS{ukraine,
author={D. E. Whitehead and K. Owens and D. Gammel and J. Smith},
booktitle={2017 70th Annual Conference for Protective Relay Engineers (CPRE)},
title={Ukraine cyber-induced power outage: Analysis and practical mitigation strategies},
year={2017},
pages={1-8},
}

@ARTICLE{sleeping,
author={S. Milici and A. LÃ¡zaro and R. Villarino and D. Girbau and M. Magnarosa},
journal={IEEE Sensors Journal},
title={Wireless Wearable Magnetometer-Based Sensor for Sleep Quality Monitoring},
year={2018},
pages={2145-2152},
}

@online{beeeon,
    author = {BeeeOn},
    title = "Main Page",
    howpublished = "beeeon.org. [online]",
    year = {2017 [cit. 2018-02-06]},
    url = "https://beeeon.org"
}

